<record xmlns="http://www.loc.gov/MARC21/slim" xmlns:xsi="http://www.w3.org/2001/XMLSchema-instance" xsi:schemaLocation="http://www.loc.gov/MARC21/slim http://www.loc.gov/standards/marcxml/schema/MARC21slim.xsd">

  <leader>00631nam a2200157   4500</leader>
  <controlfield tag="008">160418b1979    cr ||||| |||| 00| | spa d</controlfield>
  <datafield tag="090" ind1=" " ind2=" ">
    <subfield code="a">06.03.06</subfield>
    <subfield code="b">2310</subfield>
  </datafield>
  <datafield ind2=" " tag="100" ind1="1">
    <subfield code="9">1547</subfield>
    <subfield code="a">Solano Fournier, Myriam</subfield>
  </datafield>
  <datafield ind2="0" ind1="1" tag="245">
    <subfield code="a">Escuela Nueva-Laboratorio: la enseñanza en la escuela nueva /</subfield>
    <subfield code="c">Myriam Solano Fournier</subfield>
  </datafield>
  <datafield ind2=" " ind1=" " tag="260">
    <subfield code="a">[San José, Costa Rica] :</subfield>
    <subfield code="b">Universidad de Costa Rica. Facultad de Educación,</subfield>
    <subfield code="c">1979</subfield>
  </datafield>
  <datafield ind1=" " tag="300" ind2=" ">
    <subfield code="a">27 páginas</subfield>
  </datafield>
  <datafield ind2="4" tag="650" ind1="1">
    <subfield code="9">455</subfield>
    <subfield code="a">EDUCACIÓN PREESCOLAR</subfield>
  </datafield>
  <datafield ind2="4" tag="650" ind1="1">
    <subfield code="9">367</subfield>
    <subfield code="a">EDUCACIÓN PRIMARIA</subfield>
  </datafield>
  <datafield ind1="1" tag="650" ind2="4">
    <subfield code="9">1548</subfield>
    <subfield code="a">UNIVERSIDAD DE COSTA RICA. FACULTAD DE EDUCACIÓN. ESCUELA NUEVA LABORATORIO EMMA GAMBOA</subfield>
  </datafield>
  <datafield ind2=" " tag="942" ind1=" ">
    <subfield code="2">z</subfield>
    <subfield code="c">01</subfield>
  </datafield>
  <datafield ind2=" " tag="999" ind1=" ">
    <subfield code="c">3107</subfield>
    <subfield code="d">3107</subfield>
  </datafield>
</record>